@book{wigner1944gruppentheorie,
  title={Gruppentheorie und ihre Anwendung auf die Quantenmechanik der Atomspektren},
  author={Wigner, E.P.},
  series={Die Wissenschaft},
  url={https://books.google.com.tw/books?id=qWdIAQAAIAAJ},
  year={1944},
  publisher={F. Vieweg \& sogn akt.-ges}
}